<?xml version="1.0" encoding="UTF-8"?><collection xmlns="http://www.loc.gov/MARC21/slim"><record><leader>00451nam--2200133-i-4500</leader><controlfield tag="001">000023366</controlfield><controlfield tag="002">20161230</controlfield><controlfield tag="005">20161230201035</controlfield><controlfield tag="008">060222s1000------------r-----000-0-eng-d</controlfield><datafield ind1=" " ind2=" " tag="080"><subfield code="a">537.533.3(043):548.7(043)</subfield></datafield><datafield ind1=" " ind2=" " tag="100"><subfield code="a">Jardin, Christian M</subfield></datafield><datafield ind1=" " ind2=" " tag="245"><subfield code="a">Etude par diffraction electronique de l`interaction de l`oxygene avec les faces (100) et (110) d`un cristal de chrome. these</subfield></datafield><datafield ind1=" " ind2=" " tag="260"><subfield code="a">Lyon, Universite Claude - Bernard, 1972, 52p</subfield></datafield><datafield ind1=" " ind2=" " tag="852"><subfield code="a">40501</subfield></datafield></record></collection>